@article{invitation,
    author    = {E. W. Piotrowski and J. Sladkowski},
    title     = {An Invitation to Quantum Game Theory},
    journal   = {International Journal of Theoretical Physics},
    volume    = {42},
    number    = {5},
    pages     = {19},
    year      = {2003},
    month     = {May},
    url       = {https://arxiv.org/pdf/quant-ph/0211191.pdf}	
}

@article{ozhigov2013quantum,
    title     = {Quantum selfish gene (biological evolution in terms of quantum mechanics)}, 
    author    = {Yuri I. Ozhigov},
    year      = {2013},
    eprint    = {1402.4713},
    url       = {https://arxiv.org/pdf/1402.4713.pdf}
}

@article{Flitney_Abbott_introduction,
   title      = {An Introduction to Quantum Game Theory},
   volume     = {82},
   ISSN       = {1079-7114},
   url        = {https://arxiv.org/abs/quant-ph/0208069v2},
   DOI        = {10.1103/physrevlett.82.1052},
   number     = {4},
   journal    = {Fluctuation and Noise Letters},
   publisher  = {World Scientific Publishing Company},
   author     = {A. P. Flitney, D. Abbott},
   year       = {2002},
   pages      = {R175–R187}
}

@article{Meyer_1999,
   title      = {Quantum Strategies},
   volume     = {82},
   url        = {https://arxiv.org/abs/quant-ph/9804010},
   number     = {5},
   journal    = {Physical Review Letters},
   publisher  = {American Physical Society (APS)},
   author     = {Meyer, David A.},
   year       = {1999},
   month      = {Feb},
   pages      = {1052–1055}
}

@article{Eisert_2020,
doi	= {10.1103/PhysRevLett.124.139901},
title	= {Erratum: Quantum Games and Quantum Strategies [Phys. Rev. Lett. 83, 3077 (1999)]},
author	= {Eisert, Jens; Wilkens, Martin; Lewenstein, Maciej},
publisher	= {The American Physical Society},
journal	= {Physical Review Letters},
issnp	= {0031-9007},
issne	= {1079-7114},
year	= {2020},
month	= {4},
day	= {3},
volume	= {124},
issue	= {13},
page	= {139901--},
url     = {https://arxiv.org/pdf/quant-ph/9806088.pdf},
}

@article{Du_2000,
author = {Du, Jiangfeng and Xu, Xiaodong and Li, Hui and Zhou, Xianyi and Han, Rongdian},
year = {2000},
month = {11},
title = {Nash Equilibrium in the Quantum Battle of Sexes Game},
url = {https://arxiv.org/pdf/quant-ph/0010050.pdf}
}

@article{Benjamin_2001,
   title={Multiplayer quantum games},
   volume={64},
   ISSN={1094-1622},
   url={http://dx.doi.org/10.1103/PhysRevA.64.030301},
   DOI={10.1103/physreva.64.030301},
   number={3},
   journal={Physical Review A},
   publisher={American Physical Society (APS)},
   author={Benjamin, Simon C. and Hayden, Patrick M.},
   year={2001},
   month={Aug}
}

@misc{kairon2020noisy,
      title={Noisy three-player dilemma game: Robustness of the quantum advantage}, 
      author={Pranav Kairon and Kishore Thapliyal and R. Srikanth and Anirban Pathak},
      year={2020},
      eprint={2004.04533},
      archivePrefix={arXiv},
      primaryClass={quant-ph}
}

@misc{Pujatti_github,
  author = {M. Pujatti},
  title = {A-Brief-Introduction-to-Quantum-Game-Theory},
  year = {2020},
  publisher = {GitHub},
  journal = {GitHub repository},
  howpublished = {\url{https://github.com/MattiaPujatti/A-Brief-Introduction-to-Quantum-Game-Theory}},
}
